@inproceedings{STACS:Schnorr03,
  author       = {Claus{-}Peter Schnorr},
  title        = {Lattice Reduction by Random Sampling and Birthday Methods},
  booktitle    = {{STACS} 2003, 20th Annual Symposium on Theoretical Aspects of Computer Science, Berlin, Germany, February 27 - March 1, 2003, Proceedings},
  year         = 2003,
  editor       = {Helmut Alt and Michel Habib},
  volume       = 2607,
  series       = {Lecture Notes in Computer Science},
  pages        = {145-156},
  publisher    = {Springer},
  doi          = {10.1007/3-540-36494-3_14},
  url          = {http://dx.doi.org/10.1007/3-540-36494-3_14},
}

@phdthesis{PhD:Chen13,
  author =       {Yuanmi Chen},
  title =        {Réduction de réseau et sécurité concrète du chiffrement complètement homomorphe},
  school =       {Paris 7},
  year =         2013,
}

@misc{EPRINT:Albrecht17,
  author       = {Martin R. Albrecht},
  title        = {On dual lattice attacks against small-secret LWE and parameter choices in HElib and SEAL},
  howpublished = {Cryptology ePrint Archive, Report 2017/047},
  year         = 2017,
  note         = {\url{http://eprint.iacr.org/2017/047}},
}

@inproceedings{ISIT:LLLS11,
  author       = {Cong Ling and Shuiyin Liu and Laura Luzzi and Damien Stehl{\'{e}}},
  title        = {Decoding by embedding: Correct decoding radius and {DMT} optimality},
  booktitle    = {2011 {IEEE} International Symposium on Information Theory Proceedings, {ISIT}},
  year         = 2011,
  editor       = {Alexander Kuleshov and Vladimir Blinovsky and Anthony Ephremides},
  pages        = {1106-1110},
  publisher    = {{IEEE}},
  doi          = {10.1109/ISIT.2011.6033703},
}

@book{Lovasz86,
  author       = {Lov{\'a}sz, L{\'a}szl{\'o}},
  title        = {An algorithmic theory of numbers, graphs and convexity},
  publisher    = {Philadelphia, Pa. Society for Industrial and Applied Mathematics},
  year         = 1986,
  series       = {CBMS-NSF regional conference series in applied mathematics},
  url          = {http://opac.inria.fr/record=b1086067},
  isbn         = {0-89871-203-3},
}

@PhdThesis{PhD:Goepfert16,
  author       = {Florian Göpfert},
  title        = {Securely Instantiating Cryptographic Schemes Based on the Learning with Errors Assumption},
  school       = {Technische Universität Darmstadt},
  year         = 2016,
  note         = {\url{http://tuprints.ulb.tu-darmstadt.de/5850/}},
}

